@ARTICLE{Fowler,
   author = {{Fowler}, A.~G.},
    title = "{Optimal complexity correction of correlated errors in the surface code}",
  journal = {ArXiv e-prints},
archivePrefix = "arXiv",
   eprint = {1310.0863},
 primaryClass = "quant-ph",
 keywords = {Quantum Physics},
     year = 2013,
    month = oct,
   adsurl = {http://adsabs.harvard.edu/abs/2013arXiv1310.0863F},
  adsnote = {Provided by the SAO/NASA Astrophysics Data System}
}

@ARTICLE{DelfosseTillich,
   author = {{Delfosse}, N. and {Tillich}, J.-P.},
    title = "{A decoding algorithm for CSS codes using the X/Z correlations}",
  journal = {ArXiv e-prints},
archivePrefix = "arXiv",
   eprint = {1401.6975},
 primaryClass = "cs.IT",
 keywords = {Computer Science - Information Theory, Quantum Physics},
     year = 2014,
    month = jan,
   adsurl = {http://adsabs.harvard.edu/abs/2014arXiv1401.6975D},
  adsnote = {Provided by the SAO/NASA Astrophysics Data System}
}
